@IEEEtranBSTCTL{bstctl:etal,
  CTLuse_forced_etal = {no},
  CTLmax_names_forced_etal = {3},
}

@IEEEtranBSTCTL{bstctl:nodash,
  CTLdash_repeated_names = {no},
}

@IEEEtranBSTCTL{bstctl:simpurl,
  CTLname_url_prefix = {Available: },
}

@article{dummy-bib-entry,
        author = { Dummy },
        title = "Dummy Bibtex Entry",
        journal = { Journal of Dummyness },
	year = { 3001 }
}

#####################################################################
# Monitoring
#####################################################################

@inproceedings{hardbound-asplos08,
 author = "Joe Devietti and Colin Blundell and Milo M. K. Martin and Steve Zdancewic",
 title = {{{Hardbound}: Architectural Support for Spatial Safety of the {C} Programming Language}},
 booktitle = "Proceedings of the 13th International Conference on Architectural Support for Programming Languages and Operating Systems",
 year = "2008",
}

@inproceedings{mondrian-asplos02,
    AUTHOR = "Emmett Witchel and Josh Cates and Krste Asanovic",
    TITLE = "{Mondrian Memory Protection}",
    BOOKTITLE = "Proceedings of the 10th International Conference on Architectural Support for Programming Languages and Operating Systems",
    YEAR = "2002",
}

@inproceedings{dift-asplos04,
    AUTHOR = "G. Edward Suh and Jaewook Lee and David X. Zhang and Srinivas Devadas",
    TITLE = {{Secure Program Execution via Dynamic Information Flow Tracking}},
    BOOKTITLE = "Proceedings of the 11th International Conference on Architectural Support for Programming Languages and Operating Systems",
    YEAR = "2004",
}

@inproceedings{argus-micro07,
 author = "Meixner, Albert and Bauer, Michael E. and Sorin, Daniel",
 title = {{{Argus}: Low-Cost, Comprehensive Error Detection in Simple Cores}},
 booktitle = "Proceedings of the 40th International Symposium on Microarchitecture",
 year = "2007"
 }

# Intel MPX
@electronic{intel-mpx,
  title = {{Introduction to Intel Memory Protection Extensions.}},
	url = {http://software.intel.com/en-us/articles/introduction-to-intel-memory-protection-extensions},
}

@inproceedings{radish-isca12,
  author    = {Joseph Devietti and
  Benjamin P. Wood and
  Karin Strauss and
  Luis Ceze and
  Dan Grossman and
  Shaz Qadeer},
  title     = {{RADISH: Always-on Sound and Complete Race Detection in Software
  and Hardware}},
  booktitle = {Proceedings of the 39th International Symposium on Computer Architecture},
  year      = {2012},
}

@inproceedings{cord-hpca06,
  author={Milos Prvulovic},
  title={{CORD: Cost-effective (and nearly overhead-free) Order-Recording and Data race detection}},
  booktitle={Proceedings of the 12th International Symposium on High-Performance Computer Architecture},
  year={2006},
}

% LIFT
@inproceedings{lift-micro06,
    author = "Feng Qin and Cheng Wang and Zhenmin Li and Ho-Seop Kim and Yuanyuan Zhou and Youfeng Wu",
    title = {{{LIFT}: A Low-Overhead Practical Information Flow Tracking System for Detecting Security Attacks}},
    booktitle = "Proceedings of the 39th International Symposium on Microarchitecture",
    year = "2006"
}

@inproceedings{lba-asid06, 
  author = {Chen, Shimin and Falsafi, Babak and Gibbons, Phillip B. and Kozuch, Michael and Mowry, Todd C. and Teodorescu, Radu and Ailamaki, Anastassia and Fix, Limor and Ganger, Gregory R. and Lin, Bin and Schlosser, Steven W.},
  title = {{Log-based Architectures for General-purpose Monitoring of Deployed Code}},
  booktitle = {Proceedings of the 1st Workshop on Architectural and System Support for Improving Software Dependability},
  year = {2006},
} 

@inproceedings{lba-isca08,
    author = "S. Chen and M. Kozuch and T. Strigkos and B. Falsafi and P. Gibbons and T. Mowry and V. Ramachandran and O. Ruwase and M. Ryan and E. Vlachos",
    title = {{Flexible Hardware Acceleration for Instruction-Grain Program Monitoring}},
    booktitle = "Proceedings of the 35th International Symposium on Computer Architecture",
    year = "2008"
}

@inproceedings{flexcore-micro10,
author    = {Daniel Y. Deng and
             Daniel Lo and
             Greg Malysa and
             Skyler Schneider and
             G. Edward Suh},
title     = {{Flexible and Efficient Instruction-Grained Run-Time Monitoring
Using On-Chip Reconfigurable Fabric}},
booktitle = {Proceedings of the 43rd International Symposium on Microarchitecture},
year      = {2010},
}

@inproceedings{harmoni-dsn12,
author    = {Daniel Y. Deng and
             G. Edward Suh},
title     = {{High-performance Parallel Accelerator for Flexible and Efficient Run-time Monitoring}},
booktitle = {Proceedings of the 42nd International Conference on Dependable Systems and Networks},
year      = {2012},
}

@InProceedings{fade-hpca14,
  author = {Fytraki, Sotiria and Vlachos, Evangelos and Kocberber, Onur and Falsafi, Babak and Grot, Boris},
  title = {{FADE: A Programmable Filtering Accelerator for Instruction-Grain Monitoring}},
  booktitle = {Proceedings of the 20th International Symposium on High Performance Computer Architecture},
  year = 2014
}

@inproceedings{clause-ase07,
 author = "James Clause and Ioannis Doudalis and Alessandro Orso and Milos Prvulovic",
 title = {{Effective Memory Protection Using Dynamic Tainting}},
 booktitle = "Proceedings of the 22nd International Conference on Automated Software Engineering",
 year = "2007"
}

% Raksha
@inproceedings{raksha-isca07,
    author = "Michael Dalton and Hari Kannan and Christos Kozyrakis",
    title = {{{Raksha}: A Flexible Information Flow Architecture for Software Security}},
    booktitle = "International Symposium on Computer Architecture",
    year = "2007"
}

@inproceedings{loki-osdi08,
  author = {Zeldovich, Nickolai and Kannan, Hari and Dalton, Michael and Kozyrakis, Christos},
  title = {{Hardware Enforcement of Application Security Policies Using Tagged Memory}},
  booktitle = {Operating Systems Design and Implementation},
  year = {2008},
} 

% memtracker
@inproceedings{memtracker-hpca07,
 author = "Guru Venkataramani and Brandyn Roemer and Yan Solihin and Milos Prvulovic",
 title = {{MemTracker}: Efficient and Programmable Support for Memory Access Monitoring and Debugging},
 booktitle = {High Performance Computer Architecture},
 year = {2007},
}

@article{schuette-comp87,
  author = {Schuette, Michael A. and Shen, John Paul},
  title = {{Processor Control Flow Monitoring Using Signatured Instruction Streams}},
  journal = {Transactions on Computers},
  year = {1987},
} 

@inproceedings{impres-dac06,
  author = {Ragel, Roshan G. and Parameswaran, Sri},
  title = {{IMPRES: Integrated Monitoring for Processor Reliability and Security}},
  booktitle = {Design Automation Conference},
  year = {2006},
} 

@inproceedings{kayaalp-isca12,
  author = {Kayaalp, Mehmet and Ozsoy, Meltem and Abu-Ghazaleh, Nael and Ponomarev, Dmitry},
  title = {{Branch Regulation: Low-Overhead Protection from Code Reuse Attacks}},
  booktitle = {Proceedings of the 39th Annual International Symposium on Computer Architecture},
  year = {2012},
} 

@inproceedings{ruwase-spaa08,
  author = {Ruwase, Olatunji and Gibbons, Phillip B. and Mowry, Todd C. and Ramachandran, Vijaya and Chen, Shimin and Kozuch, Michael and Ryan, Michael},
  title = {{Parallelizing Dynamic Information Flow Tracking}},
  booktitle = {Proceedings of the 20th Annual Symposium on Parallelism in Algorithms and Architectures},
  year = {2008},
} 

@inproceedings{paralog-asplos10,
author = {Vlachos, Evangelos and Goodstein, Michelle L. and Kozuch, Michael A. and Chen, Shimin and Falsafi, Babak and Gibbons, Phillip B. and Mowry, Todd C.},
title = {{ParaLog: Enabling and Accelerating Online Parallel Monitoring of Multithreaded Applications}},
booktitle = {Proceedings of the 15th Conference on Architectural Support for Programming Languages and Operating Systems},
year = {2010},
} 

@article{oases-sigops09,
  author = {Nagarajan, Vijay and Gupta, Rajiv},
  title = {{Runtime Monitoring on Multicores via OASES}},
  journal = {ACM SIGOPS Operating Systems Review},
  year = {2009},
} 

@inproceedings{nagarajan-interact08,
    author = "V. Nagarajan and H-S. Kim and Y. Wu and R. Gupta",
    title = {{Dynamic Information Flow Tracking on Multicores}},
    booktitle = "Proceedings of the Workshop on Interaction Between Compilers and Computer Architectures",
    year = "2008"
}

@inproceedings{flexitaint-hpca08,
  author={Venkataramani, G. and Doudalis, I and Solihin, D. and Prvulovic, M.},
  booktitle={Proceedings of the 14th International Symposium on High Performance Computer Architecture},
  title={{FlexiTaint: A Programmable Accelerator for Dynamic Taint Propagation}},
  year={2008},
}

@inproceedings{purify-usenix92,
  author = {Reed Hastings and Bob Joyce},
  title = {{Purify: Fast Detection of Memory Leaks and Access Errors}},
  booktitle = {Proceedings of the Winter 1992 USENIX Conference},
  year = {1991},
}

@inproceedings{taintcheck-05,
  author = {James Newsome},
  title = {{Dynamic Taint Analysis for Automatic Detection, Analysis, and Signature Generation of Exploits on Commodity Software}},
  booktitle = {},
  year = {2005}
}
@inproceedings{taintcheck-ndsss05,
  author = {James Newsome and Dawn Song},
  title = {{Dynamic Taint Analysis for Automatic Detection, Analysis, and Signature Generation of Exploits on Commodity Software}},
  booktitle = {Proceedings of the 12th Network and Distributed Systems Security Symposium},
  year = {2005}
}

@inproceedings{demme-isca13,
  author = {Demme, John and Maycock, Matthew and Schmitz, Jared and Tang, Adrian and Waksman, Adam and Sethumadhavan, Simha and Stolfo, Salvatore},
  title = {{On the Feasibility of Online Malware Detection with Performance Counters}},
  booktitle = {Proceedings of the 40th Annual International Symposium on Computer Architecture},
  year = {2013},
} 

@inproceedings{tang-raid14,
    author    = {Adrian Tang and
                 Simha Sethumadhavan and
                 Salvatore J. Stolfo},
    title     = {{Unsupervised Anomaly-based Malware Detection using Hardware Features}},
    booktitle = {Proceedings of the 17th International Symposium on Research in Attacks, Intrusions, and Defenses},
    year      = {2014},
}

@article{eraser-tocs97,
  author = {Stefan Savage and Michael Burrows and Greg Nelson and Patrick Sobalvarro and Thomas Anderson},
  title = {{Eraser: A Dynamic Data Race Detector for Multi-Threaded Programs}},
  journal = {ACM Transaction of Computer System},
  year = {1997}
}

#####################################################################
# Cooperative debugging/Adjustable overheads
#####################################################################

@inproceedings{liblit-pldi05,
  author = {Liblit, Ben and Naik, Mayur and Zheng, Alice X. and Aiken, Alex and Jordan, Michael I.},
  title = {{Scalable Statistical Bug Isolation}},
  booktitle = {Proceedings of the ACM SIGPLAN Conference on Programming Language Design and Implementation},
  year = {2005},
} 

@inproceedings{chilimbi-asplos04,
  author = {Trishul M. Chilimbi and Matthias Hauswirth},
  title = {{Low-overhead Memory Leak Detection Using Adaptive Statistical Profiling}},
  booktitle = {Proceedings of the 11th International Conference on Architectural Support for Programming Languages and Operating Systems},
  year = {2004},
}

@inproceedings{greathouse-cgo11,
  author = {Greathouse, Joseph L. and LeBlanc, Chelsea and Austin, Todd and Bertacco, Valeria},
  title = {{Highly Scalable Distributed Dataflow Analysis}},
  booktitle = {Proceedings of the 9th International Symposium on Code Generation and Optimization},
  year = {2011},
} 

@inproceedings{testudo-micro08,
  author={Greathouse, J.L. and Wagner, I. and Ramos, D.A. and Bhatnagar, G. and Austin, T. and Bertacco, V. and Pettie, S.},
  booktitle={Proceedings of the 41st International Symposium on Microarchitecture},
  title={{Testudo: Heavyweight Security Analysis via Statistical Sampling}},
  year={2008}, 
}

@article{huang-sttt12,
  author    = {Xiaowan Huang and
               Justin Seyster and
               Sean Callanan and
               Ketan Dixit and
               Radu Grosu and
               Scott A. Smolka and
               Scott D. Stoller and
               Erez Zadok},
  title     = {{Software Monitoring with Controllable Overhead}},
  journal   = {International Journal on Software Tools for Technology Transfer},
  year      = {2012},
}

@inproceedings{qvm-oopsla08,
  author    = {Matthew Arnold and
               Martin T. Vechev and
               Eran Yahav},
  title     = {{QVM: An Efficient Runtime for Detecting Defects in Deployed Systems}},
  booktitle = {Proceedings of the 23rd Conference on Object-Oriented Programming, Systems, Langauges, and Applications},
  year      = {2008},
}

@inproceedings{lo-rtas14,
  author = {Daniel Lo and
            Mohamed Ismail and
            Tao Chen and
            G. Edward Suh},
  title = {{Slack-Aware Opportunistic Monitoring for Real-Time Systems}},
  booktitle = {Proceedings of the 20th Real-Time and Embedded Technology and Applications Symposium},
  year = {2014},
}

#################################
# Simulators and Benchmarks
#################################

@article{gem5,
  author={Binkert, Nathan and Beckmann, Bradford and Black, Gabriel and Reinhardt, Steven K. and Saidi, Ali and Basu, Arkaprava and Hestness, Joel and Hower, Derek R. and Krishna, Tushar and Sardashti, Somayeh and Sen, Rathijit and Sewell, Korey and Shoaib, Muhammad and Vaish, Nilay and Hill, Mark D. and Wood, David A.},
  title={{The gem5 Simulator}},
  journal={ACM SIGARCH Computer Architecture News},
  year={2011},
}

@electronic{spec2006,
  title = {{SPEC CPU\texttrademark 2006}},
  url = {http://www.spec.org/cpu2006/}
}

@inproceedings{mcpat-micro09,
  author = {Sheng Li and Jung Ho Ahn and Richard D. Strong and Jay B. Brockman and Dean M. Tullsen},
  title = {{McPat: An Integrated Power, Area, and Timing Modeling Framework for Multicore and Manycore Architectures}},
  booktitle = {Proceedings of the 42nd International Symposium on Microarchitecture},
  year = {2009},
}

@inproceedings{splash-isca95,
  author = {Woo, Steven Cameron and Ohara, Moriyoshi and Torrie, Evan and Singh, Jaswinder Pal and Gupta, Anoop},
  title = {{The SPLASH-2 Programs: Characterization and Methodological Considerations}},
  booktitle = {Proceedings of the 22nd International Symposium on Computer Architecture},
  year = {1995},
} 

